<record><leader>00000cas a22000007a 4500</leader><controlfield tag="001">8917082</controlfield><controlfield tag="008">821103c198u9999miuwr ne      0   a0eng d</controlfield><datafield ind1=" " ind2=" " tag="010"><subfield code="a">sn 82007632 </subfield></datafield><datafield ind1=" " ind2=" " tag="040"><subfield code="a">NSD</subfield><subfield code="b">eng</subfield><subfield code="c">NSD</subfield><subfield code="d">OCLCQ</subfield></datafield><datafield ind1=" " ind2=" " tag="012"><subfield code="j">0</subfield><subfield code="m">y</subfield></datafield><datafield ind1="1" ind2=" " tag="022"><subfield code="a">0745-211X</subfield><subfield code="l">0745-211X</subfield><subfield code="y">0273-7949</subfield><subfield code="2">1</subfield></datafield><datafield ind1=" " ind2=" " tag="032"><subfield code="a">187540</subfield><subfield code="b">USPS</subfield></datafield><datafield ind1=" " ind2=" " tag="042"><subfield code="a">nsdp</subfield></datafield><datafield ind1=" " ind2="4" tag="222"><subfield code="a">The Farmers' advance</subfield></datafield><datafield ind1="0" ind2="4" tag="245"><subfield code="a">The Farmers' advance.</subfield></datafield><datafield ind1=" " ind2=" " tag="260"><subfield code="a">[Camden, Mich. :</subfield><subfield code="b">Farmers' Advance]</subfield></datafield><datafield ind1=" " ind2=" " tag="310"><subfield code="a">Weekly</subfield></datafield><datafield ind1=" " ind2=" " tag="588"><subfield code="a">Description based on: Vol. 85, no. 49 (Oct. 27, 1982); title from caption.</subfield></datafield><datafield ind1="0" ind2="0" tag="780"><subfield code="t">Farmers' advance news</subfield><subfield code="x">0273-7949</subfield></datafield><datafield ind1=" " ind2=" " tag="936"><subfield code="a">Oct. 27, 1982</subfield></datafield><datafield ind1="1" ind2=" " tag="029"><subfield code="a">AU@</subfield><subfield code="b">000025805470</subfield></datafield></record>